<?xml version="1.0" encoding="UTF-8"?><collection xmlns="http://www.loc.gov/MARC21/slim"><record><leader>00372nam--2200133-i-4500</leader><controlfield tag="001">000002488</controlfield><controlfield tag="002">20161230</controlfield><controlfield tag="005">20161230201025</controlfield><controlfield tag="008">060222s1000------------r-----000-0-eng-d</controlfield><datafield ind1=" " ind2=" " tag="080"><subfield code="a">36654</subfield></datafield><datafield ind1=" " ind2=" " tag="100"><subfield code="a">Berry, B.S.And Nowick, A.S</subfield></datafield><datafield ind1=" " ind2=" " tag="245"><subfield code="a">Anelastic relaxation in crystalline solids</subfield></datafield><datafield ind1=" " ind2=" " tag="260"><subfield code="a">New York, Academic Press, 1972 Xv + 677 P</subfield></datafield><datafield ind1=" " ind2=" " tag="490"><subfield code="a">Materials Science Series</subfield></datafield></record></collection>